
@book{lawvere:sets,
  title = {Sets for Mathematics},
  author = {Lawvere, F.W. and Rosebrugh, R.},
  year = {2003},
  publisher = {Cambridge University Press}
}

@book{lawvere:etcs,
  title = {An elementary theory of the category of sets (long version) with commentary},
  author = {Lawvere, F.W.},
  url = {http://www.tac.mta.ca/tac/reprints/articles/11/tr11.pdf},
  year = {2005},
  publisher = {Reprints in Theory and Applications of Categories}
}

@book{goldblatt:topoi,
  title = {Topoi: The Categorial Analysis of Logic},
  author = {Goldblatt, R.},
  series = {Dover Books on Mathematics},
  year = {2006},
  publisher = {Dover Publications}
}

@article{leinster:sets,
  author = {Leinster, T.},
  title = {Rethinking set theory},
  url = {https://arxiv.org/abs/1212.6543},
  publisher = {arXiv},
  year = {2012}
}

@book{leinster:categories,
  author = {Leinster, T.},
  title = {Basic Category Theory},
  url = {https://arxiv.org/abs/1612.09375},
  publisher = {arXiv},
  year = {2016}
}

@book{AdamekHerrlichStrecker:joy,
  title = {Abstract and Concrete Categories: The Joy of Cats},
  author = {Ad{\'a}mek, J. and Herrlich, H. and Strecker, G.E.},
  url = {http://www.tac.mta.ca/tac/reprints/articles/17/tr17.pdf},
  year = {2006},
  publisher = {Reprints in Theory and Applications of Categories}
}

@book{riehl:context,
  title = {Category Theory in Context},
  author = {Riehl, E.},
  series = {Aurora: Dover Modern Math Originals},
  url = {https://math.jhu.edu/~eriehl/context/},
  year = {2017},
  publisher = {Dover Publications}
}

@book{strom:homotopy,
  title = {Modern Classical Homotopy Theory},
  author = {Strom, J.},
  series = {Graduate studies in mathematics},
  year = {2011},
  publisher = {American Mathematical Society}
}

@book{hatcher:algebraic,
  title={Algebraic Topology},
  author={Hatcher, A.},
  url={https://pi.math.cornell.edu/~hatcher/AT/ATpage.html},
  year={2002},
  publisher={Cambridge University Press}
}

@online{danae:one-line,
  title = {One-Line Proof: Fundamental Group of the Circle},
  author = {Bradley, Tai-Danae},
  url = {https://www.math3ma.com/blog/one-line-proof-fundamental-group-of-the-circle},
  year = {2017}
}

@book{hottbook,
  author = {The {Univalent Foundations Program}},
  title = {Homotopy Type Theory: Univalent Foundations of Mathematics},
  url = {https://homotopytypetheory.org/book},
  publisher = {Institute for Advanced Study},
  year = {2013}
}

